<?xml version = "1.0" encoding = "UTF-8"?><record>
  <leader>02482nas#a2200625#c#4500</leader>
  <controlfield tag="005">20210407215656.0</controlfield>
  <controlfield tag="007">tu</controlfield>
  <controlfield tag="008">991118m19481983gw##|#p#######|####|ger#c</controlfield>
  <controlfield tag="003">DE-605</controlfield>
  <controlfield tag="001">990053969120206441</controlfield>
  <datafield tag="015" ind1=" " ind2=" ">
    <subfield code="a">88,B20,0227</subfield>
    <subfield code="2">dnb</subfield>
  </datafield>
  <datafield tag="016" ind1="7" ind2=" ">
    <subfield code="a">010083464</subfield>
    <subfield code="2">DE-101b</subfield>
  </datafield>
  <datafield tag="016" ind1="7" ind2=" ">
    <subfield code="a">6211-X</subfield>
    <subfield code="2">DE-600</subfield>
  </datafield>
  <datafield tag="016" ind1="7" ind2=" ">
    <subfield code="a">263589870</subfield>
    <subfield code="2">OCoLC</subfield>
  </datafield>
  <datafield tag="022" ind1=" " ind2=" ">
    <subfield code="a">0028-307X</subfield>
    <subfield code="0">(uri) http://worldcat.org/issn/0028-307X</subfield>
  </datafield>
  <datafield tag="022" ind1=" " ind2=" ">
    <subfield code="a">0028-307X</subfield>
    <subfield code="2">6</subfield>
    <subfield code="0">(uri) http://worldcat.org/issn/0028-307X</subfield>
  </datafield>
  <datafield tag="035" ind1=" " ind2=" ">
    <subfield code="a">(DE-605)HT000009600</subfield>
  </datafield>
  <datafield tag="040" ind1=" " ind2=" ">
    <subfield code="a">9001</subfield>
    <subfield code="b">ger</subfield>
    <subfield code="c">DNB</subfield>
    <subfield code="d">9999</subfield>
  </datafield>
  <datafield tag="041" ind1=" " ind2=" ">
    <subfield code="a">ger</subfield>
  </datafield>
  <datafield tag="044" ind1=" " ind2=" ">
    <subfield code="c">XA-DE</subfield>
  </datafield>
  <datafield tag="084" ind1=" " ind2=" ">
    <subfield code="a">3,61</subfield>
    <subfield code="2">ssgn</subfield>
  </datafield>
  <datafield tag="084" ind1=" " ind2=" ">
    <subfield code="a">330</subfield>
    <subfield code="a">360</subfield>
    <subfield code="q">DE-600</subfield>
    <subfield code="2">zdbs</subfield>
  </datafield>
  <datafield tag="084" ind1=" " ind2=" ">
    <subfield code="a">18</subfield>
    <subfield code="a">300</subfield>
    <subfield code="a">330</subfield>
    <subfield code="q">DE-101</subfield>
    <subfield code="2">sdnb</subfield>
  </datafield>
  <datafield tag="084" ind1=" " ind2=" ">
    <subfield code="a">PM 1250</subfield>
    <subfield code="2">rvk</subfield>
  </datafield>
  <datafield tag="222" ind1=" " ind2="0">
    <subfield code="a">&lt;&lt;Der&gt;&gt; Angestellte</subfield>
    <subfield code="b">Hamburg</subfield>
  </datafield>
  <datafield tag="245" ind1="0" ind2="0">
    <subfield code="a">&lt;&lt;Der&gt;&gt; Angestellte</subfield>
    <subfield code="b">Zeitschrift der Deutschen Angestellten-Gewerkschaft</subfield>
  </datafield>
  <datafield tag="246" ind1="3" ind2=" ">
    <subfield code="a">&lt;&lt;Der&gt;&gt; Angestellte &lt;Hamburg&gt;</subfield>
  </datafield>
  <datafield tag="264" ind1="3" ind2="1">
    <subfield code="a">Hamburg</subfield>
    <subfield code="b">DAG</subfield>
    <subfield code="c">1948-1983</subfield>
    <subfield code="3">1948-1983</subfield>
  </datafield>
  <datafield tag="336" ind1=" " ind2=" ">
    <subfield code="b">txt</subfield>
  </datafield>
  <datafield tag="337" ind1=" " ind2=" ">
    <subfield code="b">n</subfield>
  </datafield>
  <datafield tag="338" ind1=" " ind2=" ">
    <subfield code="b">nc</subfield>
  </datafield>
  <datafield tag="362" ind1="0" ind2=" ">
    <subfield code="a">1.1948,Nov. - 27.1974; 28.1975 - 36.1983 = Nr. 299-370</subfield>
  </datafield>
  <datafield tag="363" ind1="0" ind2="0">
    <subfield code="8">1.1\x</subfield>
    <subfield code="a">1</subfield>
    <subfield code="i">1948</subfield>
  </datafield>
  <datafield tag="363" ind1="1" ind2="0">
    <subfield code="8">1.2\x</subfield>
    <subfield code="a">27</subfield>
    <subfield code="i">1974</subfield>
  </datafield>
  <datafield tag="363" ind1="0" ind2="0">
    <subfield code="8">2.1\x</subfield>
    <subfield code="a">28</subfield>
    <subfield code="i">1975</subfield>
  </datafield>
  <datafield tag="363" ind1="1" ind2="0">
    <subfield code="8">2.2\x</subfield>
    <subfield code="a">36</subfield>
    <subfield code="i">1983</subfield>
  </datafield>
  <datafield tag="365" ind1=" " ind2=" ">
    <subfield code="b">(f&#252;r Mitglieder kostenlos)</subfield>
    <subfield code="9">F:542z</subfield>
  </datafield>
  <datafield tag="515" ind1=" " ind2=" ">
    <subfield code="a">Bei Jg. 28 setzt die durchgehende Nr.-Z&#228;hlung ein</subfield>
  </datafield>
  <datafield tag="591" ind1=" " ind2=" ">
    <subfield code="a">F/G!KopieIIA!</subfield>
  </datafield>
  <datafield tag="655" ind1=" " ind2="7">
    <subfield code="a">Zeitschrift</subfield>
    <subfield code="0">(DE-588)4067488-5</subfield>
    <subfield code="2">gnd-content</subfield>
  </datafield>
  <datafield tag="710" ind1="2" ind2=" ">
    <subfield code="a">Deutsche Angestellten-Gewerkschaft</subfield>
    <subfield code="0">(DE-588)37043-5</subfield>
    <subfield code="4">isb</subfield>
    <subfield code="0">(uri) https://portal.dnb.de/opac.htm?method=simpleSearch&amp;cqlMode=true&amp;query=idn=000370436</subfield>
    <subfield code="0">(uri) http://viaf.org/viaf/sourceID/DNB|000370436</subfield>
    <subfield code="B">GND-000370436</subfield>
  </datafield>
  <datafield tag="770" ind1="0" ind2="8">
    <subfield code="i">Anfangs Beil.</subfield>
    <subfield code="t">&lt;&lt;Der&gt;&gt; kaufm&#228;nnische Angestellte</subfield>
    <subfield code="d">Hamburg : DAG, 1948-1972</subfield>
    <subfield code="w">(DE-605)HT006886476</subfield>
  </datafield>
  <datafield tag="770" ind1="0" ind2="8">
    <subfield code="i">Anfangs Beil.</subfield>
    <subfield code="t">&lt;&lt;Der&gt;&gt; Reisende</subfield>
    <subfield code="d">Hamburg : DAG, 1948-1952</subfield>
    <subfield code="w">(DE-605)HT007527436</subfield>
  </datafield>
  <datafield tag="770" ind1="0" ind2="8">
    <subfield code="i">Anfangs Beil.</subfield>
    <subfield code="t">&lt;&lt;Der&gt;&gt; Angestellte im &#246;ffentlichen Dienst</subfield>
    <subfield code="d">Hamburg : DAG, 1948-1972</subfield>
    <subfield code="w">(DE-605)HT006886477</subfield>
  </datafield>
  <datafield tag="770" ind1="0" ind2="8">
    <subfield code="i">Anfangs Beil.</subfield>
    <subfield code="t">&lt;&lt;Der&gt;&gt; Bank- und Sparkassen-Angestellte</subfield>
    <subfield code="d">Hamburg : DAG, 1948-1972</subfield>
    <subfield code="w">(DE-605)HT006886478</subfield>
  </datafield>
  <datafield tag="770" ind1="0" ind2="8">
    <subfield code="i">Anfangs Beil.</subfield>
    <subfield code="t">&lt;&lt;Der&gt;&gt; Genossenschafts-Angestellte</subfield>
    <subfield code="d">Hamburg : DAG, 1951-1972</subfield>
    <subfield code="w">(DE-605)HT006886479</subfield>
  </datafield>
  <datafield tag="770" ind1="0" ind2="8">
    <subfield code="i">1953-1967 Beil.</subfield>
    <subfield code="t">Schiffahrt</subfield>
    <subfield code="d">Hamburg : DAG, 1949-1997</subfield>
    <subfield code="x">0172-9519</subfield>
    <subfield code="w">(DE-605)HT007019350</subfield>
  </datafield>
  <datafield tag="770" ind1="0" ind2="8">
    <subfield code="i">Beil.:</subfield>
    <subfield code="t">M&#252;nchner Angestellten-Kurier</subfield>
    <subfield code="d">M&#252;nchen : DAG, 1957-</subfield>
    <subfield code="w">(DE-605)HT012299746</subfield>
  </datafield>
  <datafield tag="785" ind1="0" ind2="0">
    <subfield code="i">Fortgesetzt durch</subfield>
    <subfield code="t">&lt;&lt;Die&gt;&gt; Angestellten</subfield>
    <subfield code="d">Hamburg : DAG, 1984-1989</subfield>
    <subfield code="x">0028-307X</subfield>
    <subfield code="w">(DE-605)HT002864207</subfield>
    <subfield code="0">(uri) http://worldcat.org/issn/0028-307X</subfield>
  </datafield>
  <datafield tag="964" ind1="0" ind2="s">
    <subfield code="F">030</subfield>
    <subfield code="A">a||u|||||||37</subfield>
  </datafield>
  <datafield tag="964" ind1="0" ind2="s">
    <subfield code="F">050</subfield>
    <subfield code="A">a|a|||||||||||</subfield>
  </datafield>
  <datafield tag="964" ind1="0" ind2="s">
    <subfield code="F">052</subfield>
    <subfield code="A">p||||||t|||||||</subfield>
  </datafield>
  <datafield tag="035" ind1=" " ind2=" ">
    <subfield code="a">(DE-600)6211-X</subfield>
  </datafield>
  <datafield tag="035" ind1=" " ind2=" ">
    <subfield code="a">(OCoLC)263589870</subfield>
    <subfield code="0">(uri) http://www.worldcat.org/oclc/263589870</subfield>
  </datafield>
  <datafield tag="035" ind1=" " ind2=" ">
    <subfield code="a">(DE-599)ZDB6211-X</subfield>
  </datafield>
  <datafield tag="MBD" ind1=" " ind2=" ">
    <subfield code="M">49HBZ_NETWORK</subfield>
    <subfield code="i">990053969120206441</subfield>
    <subfield code="n">HBZ Network</subfield>
  </datafield>
  <datafield tag="MNG" ind1=" " ind2=" ">
    <subfield code="c">System</subfield>
    <subfield code="f">ILS</subfield>
    <subfield code="i">marc21</subfield>
    <subfield code="k">01</subfield>
    <subfield code="e">false</subfield>
    <subfield code="d">2021-04-07 21:56:56 Europe/Berlin</subfield>
    <subfield code="g">005396912-HBZ01</subfield>
    <subfield code="j">90</subfield>
    <subfield code="a">import</subfield>
    <subfield code="b">2021-04-06 01:59:10 Europe/Berlin</subfield>
  </datafield>
  <datafield tag="GKT" ind1="2" ind2=" ">
    <subfield code="a">Angestellten-Gewerkschaft</subfield>
    <subfield code="g">Deutschland, Bundesrepublik</subfield>
    <subfield code="A">GND</subfield>
    <subfield code="B">GND-000370436</subfield>
    <subfield code="C">410</subfield>
  </datafield>
  <datafield tag="GKT" ind1="2" ind2=" ">
    <subfield code="a">Gewerkschaft der Deutschen Angestellten</subfield>
    <subfield code="4">nauv</subfield>
    <subfield code="4">https://d-nb.info/standards/elementset/gnd#variantName</subfield>
    <subfield code="w">r</subfield>
    <subfield code="i">Unveraenderte Form</subfield>
    <subfield code="e">Unveraenderte Form</subfield>
    <subfield code="A">GND</subfield>
    <subfield code="B">GND-000370436</subfield>
    <subfield code="C">410</subfield>
  </datafield>
  <datafield tag="GKT" ind1="2" ind2=" ">
    <subfield code="a">Angestellten-Gewerkschaft</subfield>
    <subfield code="g">Deutschland</subfield>
    <subfield code="A">GND</subfield>
    <subfield code="B">GND-000370436</subfield>
    <subfield code="C">410</subfield>
  </datafield>
  <datafield tag="GKT" ind1="2" ind2=" ">
    <subfield code="a">Angestellten-Gewerkschaft</subfield>
    <subfield code="g">Deutschland, Gebiet unter Alliierter Besatzung, Britische Zone</subfield>
    <subfield code="A">GND</subfield>
    <subfield code="B">GND-000370436</subfield>
    <subfield code="C">410</subfield>
  </datafield>
  <datafield tag="GKT" ind1="2" ind2=" ">
    <subfield code="a">DAG</subfield>
    <subfield code="4">abku</subfield>
    <subfield code="4">https://d-nb.info/standards/elementset/gnd#abbreviatedNameForTheCorporateBody</subfield>
    <subfield code="w">r</subfield>
    <subfield code="i">Abkuerzung</subfield>
    <subfield code="e">Abkuerzung</subfield>
    <subfield code="A">GND</subfield>
    <subfield code="B">GND-000370436</subfield>
    <subfield code="C">410</subfield>
  </datafield>
  <datafield tag="GSI" ind1="7" ind2=" ">
    <subfield code="a">37043-5</subfield>
    <subfield code="0">http://d-nb.info/gnd/37043-5</subfield>
    <subfield code="2">gnd</subfield>
    <subfield code="A">GND</subfield>
    <subfield code="B">GND-000370436</subfield>
    <subfield code="C">024</subfield>
  </datafield>
</record>